@article{DBLP:journals/corr/HesterVPLSPSDOA17,
  author    = {Todd Hester and
               Matej Vecerik and
               Olivier Pietquin and
               Marc Lanctot and
               Tom Schaul and
               Bilal Piot and
               Andrew Sendonaris and
               Gabriel Dulac{-}Arnold and
               Ian Osband and
               John Agapiou and
               Joel Z. Leibo and
               Audrunas Gruslys},
  title     = {Learning from Demonstrations for Real World Reinforcement Learning},
  journal   = {CoRR},
  volume    = {abs/1704.03732},
  year      = {2017},
  url       = {http://arxiv.org/abs/1704.03732},
  archivePrefix = {arXiv},
  eprint    = {1704.03732},
  timestamp = {Wed, 07 Jun 2017 14:41:33 +0200},
  biburl    = {http://dblp.org/rec/bib/journals/corr/HesterVPLSPSDOA17},
  bibsource = {dblp computer science bibliography, http://dblp.org}
}
@article{DBLP:journals/corr/MnihKSGAWR13,
  author    = {Volodymyr Mnih and
               Koray Kavukcuoglu and
               David Silver and
               Alex Graves and
               Ioannis Antonoglou and
               Daan Wierstra and
               Martin A. Riedmiller},
  title     = {Playing Atari with Deep Reinforcement Learning},
  journal   = {CoRR},
  volume    = {abs/1312.5602},
  year      = {2013},
  url       = {http://arxiv.org/abs/1312.5602},
  archivePrefix = {arXiv},
  eprint    = {1312.5602},
  timestamp = {Wed, 07 Jun 2017 14:43:06 +0200},
  biburl    = {http://dblp.org/rec/bib/journals/corr/MnihKSGAWR13},
  bibsource = {dblp computer science bibliography, http://dblp.org}
}
@article{DBLP:journals/corr/abs-1708-07902,
  author    = {Niels Justesen and
               Philip Bontrager and
               Julian Togelius and
               Sebastian Risi},
  title     = {Deep Learning for Video Game Playing},
  journal   = {CoRR},
  volume    = {abs/1708.07902},
  year      = {2017},
  url       = {http://arxiv.org/abs/1708.07902},
  archivePrefix = {arXiv},
  eprint    = {1708.07902},
  timestamp = {Tue, 05 Sep 2017 10:03:46 +0200},
  biburl    = {http://dblp.org/rec/bib/journals/corr/abs-1708-07902},
  bibsource = {dblp computer science bibliography, http://dblp.org}
}
@article{DBLP:journals/corr/HasseltGS15,
  author    = {Hado van Hasselt and
               Arthur Guez and
               David Silver},
  title     = {Deep Reinforcement Learning with Double Q-learning},
  journal   = {CoRR},
  volume    = {abs/1509.06461},
  year      = {2015},
  url       = {http://arxiv.org/abs/1509.06461},
  archivePrefix = {arXiv},
  eprint    = {1509.06461},
  timestamp = {Wed, 07 Jun 2017 14:40:43 +0200},
  biburl    = {http://dblp.org/rec/bib/journals/corr/HasseltGS15},
  bibsource = {dblp computer science bibliography, http://dblp.org}
}
@article{DBLP:journals/corr/WangFL15,
  author    = {Ziyu Wang and
               Nando de Freitas and
               Marc Lanctot},
  title     = {Dueling Network Architectures for Deep Reinforcement Learning},
  journal   = {CoRR},
  volume    = {abs/1511.06581},
  year      = {2015},
  url       = {http://arxiv.org/abs/1511.06581},
  archivePrefix = {arXiv},
  eprint    = {1511.06581},
  timestamp = {Tue, 08 Aug 2017 15:06:57 +0200},
  biburl    = {http://dblp.org/rec/bib/journals/corr/WangFL15},
  bibsource = {dblp computer science bibliography, http://dblp.org}
}
